<?xml version="1.0" encoding="UTF-8" standalone="yes"?><bib><mms_id>992523783804341</mms_id><record_format>marc21</record_format><linked_record_id/><title>The poems of William Dunbar /</title><author>Dunbar, William,</author><network_numbers><network_number>(StEdNL)252378-nlsdb-Voyager</network_number><network_number>252378</network_number><network_number>CAT1-0168758A</network_number></network_numbers><place_of_publication>Edinburgh,</place_of_publication><date_of_publication>1932.</date_of_publication><holdings link="https://api-eu.hosted.exlibrisgroup.com/almaws/v1/bibs/992523783804341/holdings"/><created_by>import</created_by><created_date>2018-10-11Z</created_date><last_modified_by>System</last_modified_by><last_modified_date>2024-05-20Z</last_modified_date><suppress_from_publishing>false</suppress_from_publishing><suppress_from_external_search>false</suppress_from_external_search><suppress_from_metadoor>false</suppress_from_metadoor><rank>46</rank><sync_with_oclc>NONE</sync_with_oclc><sync_with_libraries_australia>NONE</sync_with_libraries_australia><originating_system>OTHER</originating_system><originating_system_id>252378-nlsdb</originating_system_id><brief_level desc="01">01</brief_level><record><leader>00633cam a22002295  4500</leader><controlfield tag="001">992523783804341</controlfield><controlfield tag="005">20190711100523.0</controlfield><controlfield tag="008">961217s1932    stk           000   eng d</controlfield><datafield ind1=" " ind2=" " tag="035"><subfield code="a">CAT1-0168758A</subfield></datafield><datafield ind1=" " ind2=" " tag="035"><subfield code="9">2002-17660</subfield></datafield><datafield ind1=" " ind2=" " tag="035"><subfield code="a">252378</subfield></datafield><datafield ind1=" " ind2=" " tag="035"><subfield code="a">(StEdNL)252378-nlsdb-Voyager</subfield></datafield><datafield ind1=" " ind2=" " tag="040"><subfield code="a">StEdNL</subfield></datafield><datafield ind1="1" ind2=" " tag="100"><subfield code="a">Dunbar, William,</subfield><subfield code="d">1460?-1520?</subfield></datafield><datafield ind1="1" ind2="4" tag="245"><subfield code="a">The poems of William Dunbar /</subfield><subfield code="c">edited by W. Mackay Mackenzie.</subfield></datafield><datafield ind1=" " ind2=" " tag="260"><subfield code="a">Edinburgh,</subfield><subfield code="c">1932.</subfield></datafield><datafield ind1=" " ind2=" " tag="300"><subfield code="a">xxxix, 272 p. ;</subfield><subfield code="c">8vo.</subfield></datafield><datafield ind1="1" ind2=" " tag="700"><subfield code="a">Mackenzie, W. M.</subfield><subfield code="q">(William Mackay),</subfield><subfield code="d">1871-1952.</subfield></datafield><datafield ind1=" " ind2=" " tag="919"><subfield code="a">C1SAZ</subfield></datafield><datafield ind1=" " ind2=" " tag="919"><subfield code="a">NBS</subfield></datafield><datafield ind1=" " ind2=" " tag="955"><subfield code="a">X.170.g</subfield><subfield code="b">X</subfield></datafield><datafield ind1=" " ind2=" " tag="956"><subfield code="a">NLS</subfield></datafield></record></bib>